@article{cappelleri,
  author = {Cappelleri, J. C., Jason Lundy, J., & Hays, R. D.},
  title = {Overview of classical test theory and item response theory for the quantitative 
      assessment of items in developing patient-reported outcomes measures.},
  year = {2014},
  address = {USA},
  volume = {36},
  number = {5},
  url = {https://www.ncbi.nlm.nih.gov/pmc/articles/PMC4096146/},
  doi = {https://doi.org/10.1016/j.clinthera.2014.04.006},
  journal = {Clinical therapeutics},
  pages = {648–662}
}


@article{Sijtsma2008,
  title = {On the Use,  the Misuse,  and the Very Limited Usefulness of Cronbach’s Alpha},
  volume = {74},
  ISSN = {1860-0980},
  url = {http://dx.doi.org/10.1007/s11336-008-9101-0},
  DOI = {10.1007/s11336-008-9101-0},
  number = {1},
  journal = {Psychometrika},
  publisher = {Springer Science and Business Media LLC},
  author = {Sijtsma,  Klaas},
  year = {2008},
  month = dec,
  pages = {107–120}
}

@article{McNeish2018,
  title = {Thanks coefficient alpha,  we’ll take it from here.},
  volume = {23},
  ISSN = {1082-989X},
  url = {http://dx.doi.org/10.1037/met0000144},
  DOI = {10.1037/met0000144},
  number = {3},
  journal = {Psychological Methods},
  publisher = {American Psychological Association (APA)},
  author = {McNeish,  Daniel},
  year = {2018},
  month = sep,
  pages = {412–433}
}

@book{Bond2020,
  title = {Applying the Rasch Model: Fundamental Measurement in the Human Sciences},
  ISBN = {9780429030499},
  url = {http://dx.doi.org/10.4324/9780429030499},
  DOI = {10.4324/9780429030499},
  publisher = {Routledge},
  author = {Bond,  Trevor G. and Yan,  Zi and Heene,  Moritz},
  year = {2020},
  month = jul 
}

@inbook{Andrich2019,
  title = {The Idea of Measurement},
  ISBN = {9789811374968},
  ISSN = {2366-7680},
  url = {http://dx.doi.org/10.1007/978-981-13-7496-8_1},
  DOI = {10.1007/978-981-13-7496-8_1},
  booktitle = {A Course in Rasch Measurement Theory},
  publisher = {Springer Nature Singapore},
  author = {Andrich,  David and Marais,  Ida},
  year = {2019},
  pages = {3–11}
}

@article{Panayides2010,
  title = {The assessment revolution that has passed England by: Rasch measurement},
  volume = {36},
  ISSN = {1469-3518},
  url = {http://dx.doi.org/10.1080/01411920903018182},
  DOI = {10.1080/01411920903018182},
  number = {4},
  journal = {British Educational Research Journal},
  publisher = {Wiley},
  author = {Panayides,  Panayiotis and Robinson,  Colin and Tymms,  Peter},
  year = {2010},
  month = aug,
  pages = {611–626}
} 

@article{Goldstein1982,
  title = {The Rasch Model Still Does Not Fit},
  volume = {8},
  ISSN = {1469-3518},
  url = {http://dx.doi.org/10.1080/0141192820080207},
  DOI = {10.1080/0141192820080207},
  number = {2},
  journal = {British Educational Research Journal},
  publisher = {Wiley},
  author = {Goldstein,  H. and Blinkhorn,  Steve},
  year = {1982},
  month = sep,
  pages = {167–170}
}
